<record><leader>00000cas a22000007a 4500</leader><controlfield tag="001">1568931</controlfield><controlfield tag="008">750824d18uu19uumnucr ne      0    0eng d</controlfield><datafield ind1=" " ind2=" " tag="010"><subfield code="a">sn 90059913 </subfield></datafield><datafield ind1=" " ind2=" " tag="040"><subfield code="a">MUL</subfield><subfield code="b">eng</subfield><subfield code="c">MUL</subfield><subfield code="d">OCL</subfield><subfield code="d">MN#</subfield><subfield code="d">OCL</subfield><subfield code="d">OCLCQ</subfield><subfield code="d">OCLCF</subfield><subfield code="d">OCLCO</subfield></datafield><datafield ind1=" " ind2=" " tag="043"><subfield code="a">n-us-mn</subfield></datafield><datafield ind1=" " ind2=" " tag="052"><subfield code="a">4144</subfield><subfield code="b">M5</subfield></datafield><datafield ind1="0" ind2="4" tag="245"><subfield code="a">The farmers' tribune.</subfield></datafield><datafield ind1="3" ind2="0" tag="246"><subfield code="a">Farmers' Minneapolis tribune</subfield></datafield><datafield ind1=" " ind2=" " tag="260"><subfield code="a">Minneapolis, Minn. :</subfield><subfield code="b">Tribune Co.</subfield></datafield><datafield ind1=" " ind2=" " tag="300"><subfield code="a">v.</subfield></datafield><datafield ind1=" " ind2=" " tag="310"><subfield code="a">Semiweekly,</subfield><subfield code="b">&lt;Jan. 19, 1897-Nov. 13, 1923&gt;</subfield></datafield><datafield ind1=" " ind2=" " tag="321"><subfield code="a">Weekly,</subfield><subfield code="b">&lt;Mar. 27, 1884-Nov. 13, 1884&gt;</subfield></datafield><datafield ind1=" " ind2=" " tag="500"><subfield code="a">Published as: The farmers' Minneapolis tribune &lt;Jan. 4, 1885-May 28, 1885&gt;</subfield></datafield><datafield ind1=" " ind2=" " tag="530"><subfield code="a">Available on microfilm from the Minnesota Historical Society.</subfield></datafield><datafield ind1=" " ind2=" " tag="588"><subfield code="a">Description based on: Vol. 18, no. 13 (Mar. 27, 1884).</subfield></datafield><datafield ind1=" " ind2="0" tag="651"><subfield code="a">Minneapolis (Minn.)</subfield><subfield code="v">Newspapers.</subfield></datafield><datafield ind1=" " ind2="7" tag="655"><subfield code="a">Newspapers.</subfield><subfield code="2">fast</subfield><subfield code="0">(OCoLC)fst01423814</subfield></datafield><datafield ind1=" " ind2="7" tag="651"><subfield code="a">Minnesota</subfield><subfield code="z">Minneapolis.</subfield><subfield code="2">fast</subfield><subfield code="0">(OCoLC)fst01204260</subfield></datafield><datafield ind1=" " ind2=" " tag="752"><subfield code="a">United States</subfield><subfield code="b">Minnesota</subfield><subfield code="c">Hennepin</subfield><subfield code="d">Minneapolis.</subfield></datafield><datafield ind1="0" ind2=" " tag="775"><subfield code="t">Daily Minnesota tribune</subfield><subfield code="w">(DLC)sn 83016769</subfield></datafield><datafield ind1="0" ind2=" " tag="775"><subfield code="t">Minneapolis daily tribune (Minneapolis, Minn. : 1884)</subfield><subfield code="w">(DLC)sn 83016770</subfield></datafield><datafield ind1="0" ind2=" " tag="775"><subfield code="t">Minneapolis tribune (Minneapolis, Minn. : 1886)</subfield><subfield code="w">(DLC)sn 83016771</subfield></datafield><datafield ind1="0" ind2="0" tag="780"><subfield code="t">Farmers' union and Minneapolis weekly tribune</subfield><subfield code="w">(DLC)sn 90059903</subfield></datafield></record>